<?xml version="1.0" encoding="utf-8"?>
<record xmlns="http://www.loc.gov/MARC21/slim" xmlns:xsi="http://www.w3.org/2001/XMLSchema-instance" xsi:schemaLocation="http://www.loc.gov/MARC21/slim http://www.loc.gov/standards/marcxml/schema/MARC21slim.xsd">
	<leader>     nam a22     Mi 4500</leader>
	<controlfield tag="001">b12507611</controlfield>
	<controlfield tag="003">LeBAU</controlfield>
	<controlfield tag="006">m        d        </controlfield>
	<controlfield tag="007">cr cn |||m|||a</controlfield>
	<controlfield tag="008">200730s1954    le a    o     ||0 d ara d</controlfield>
	<datafield ind1=" " ind2=" " tag="040">
		<subfield code="a">ZYU</subfield>
		<subfield code="b">ara</subfield>
		<subfield code="e">rda</subfield>
		<subfield code="c">ZYU</subfield>
	</datafield>
	<datafield ind1="0" ind2="4" tag="082">
		<subfield code="a">808.2</subfield>
		<subfield code="2">20</subfield>
	</datafield>
	<datafield ind1="1" ind2=" " tag="100">
		<subfield code="6">880-01</subfield>
		<subfield code="a">Shīkhānī, Samīr</subfield>
		<subfield code="e">compiler.</subfield>
	</datafield>
	<datafield ind1="1" ind2="0" tag="245">
		<subfield code="6">880-02</subfield>
		<subfield code="a">12 ūpirā ʻālamīyah /</subfield>
		<subfield code="c">Samīr Shīkhānī.</subfield>
	</datafield>
	<datafield ind1="3" ind2=" " tag="246">
		<subfield code="6">880-03</subfield>
		<subfield code="a">Ithnā ʻashar ūpirā ʻālamīyah</subfield>
	</datafield>
	<datafield ind1=" " ind2="1" tag="264">
		<subfield code="6">880-04</subfield>
		<subfield code="a">Bayrūt :</subfield>
		<subfield code="b">Dār al-Fikr,</subfield>
		<subfield code="c">1954.</subfield>
	</datafield>
	<datafield ind1=" " ind2=" " tag="300">
		<subfield code="6">880-05</subfield>
		<subfield code="a">online resource (142 pages) :</subfield>
		<subfield code="b">illustrations</subfield>
	</datafield>
	<datafield ind1=" " ind2=" " tag="336">
		<subfield code="a">text</subfield>
		<subfield code="2">rdacontent</subfield>
	</datafield>
	<datafield ind1=" " ind2=" " tag="337">
		<subfield code="a">computer</subfield>
		<subfield code="2">rdamedia</subfield>
	</datafield>
	<datafield ind1=" " ind2=" " tag="338">
		<subfield code="a">online resource</subfield>
		<subfield code="2">rdacarrier</subfield>
	</datafield>
	<datafield ind1=" " ind2=" " tag="500">
		<subfield code="a">Part of the Arabic Collections Online (ACO) project, contributed by American University of Beirut's Jafet Memorial Library.</subfield>
	</datafield>
	<datafield ind1="0" ind2="0" tag="505">
		<subfield code="a">12 أوپرا عالمية:</subfield>
		<subfield code="t">عايدة : اوبرا من اربعة فصول أخرجت للمرة الأولى في القاهرة عام 1871 /</subfield>
		<subfield code="r">جوسيبي فردي --</subfield>
		<subfield code="t">سالومي : اوبرا من فصل واحد مقتبسة من مسرحية اوسكار وايلد، أخرجت للمرة الأولى في درسدن عام 1905 /</subfield>
		<subfield code="r">ريتشارد شتراوس --</subfield>
		<subfield code="t">كارمن : اوبرا من اربعة فصول مقتبسة من رواية بروسبير ميريمه، أخرجت للمرة الأولى في باريس عام 1875 /</subfield>
		<subfield code="r">جورج بيزيه --</subfield>
		<subfield code="t">لاترافياتا : اوبرا من اربعة فصول مقتبسة عن قصة &quot;غادة الكاميليا&quot; لألكسندر دوماس، أخرجت لأول مرة في البندقية سنة 1853 /</subfield>
		<subfield code="r">جوسيبي فردي --</subfield>
		<subfield code="t">تريستان وايزولت : اوبرا من ثلاثة فصول من وضع ريتشارد فاغنز، أخرجت للمرة الأولى في ميونيخ عام 1865 /</subfield>
		<subfield code="r">ريتشارد فاغنر --</subfield>
		<subfield code="t">توسكا : اوبرا من ثلاثة فصول مقتبسة من رواية لفكتور ساردو، أخرجت للمرة الأولى في روما سنة 1900 /</subfield>
		<subfield code="r">جياكومو بوتشيني --</subfield>
		<subfield code="t">شمشون ودليلة : اوبرا من ثلاثة فصول، أخرجت للمرة الأولى في فايمار 1877 /</subfield>
		<subfield code="r">كاميل سان-سانس --</subfield>
		<subfield code="t">فاوست : اوبرا من اربعة فصول مقتبسة من قصة غوته الشهيرة، أخرجت للمرة الأولى في باريس عام 1859 /</subfield>
		<subfield code="r">شارل غونو --</subfield>
		<subfield code="t">تاييس : اوبرا من ثلاثة فصول مقتبسة من رواية لأناتول فرانس، أخرجت للمرة الأولى في باريس سنة 1894 /</subfield>
		<subfield code="r">جول ماسنيه --</subfield>
		<subfield code="t">عطيل : اوبرا من اربعة فصول مقتبسة من مسرحية عطيل لشكسبير، أخرجت للمرة الأولى في ميلانو عام 1887 /</subfield>
		<subfield code="r">جوسيبي فيردي --</subfield>
		<subfield code="t">حلاق أشبيلية : اوبرا من فصلين مقتبسة من رواية هزلية لبومارشه، أخرجت للمرة الأولى في روما عام 1816 /</subfield>
		<subfield code="r">جيواتشينو روسيني --</subfield>
		<subfield code="t">زواج فيغارو : اوبرا من اربعة فصول مقتبسة من رواية هزلية لبومارشه، أخرجت للمرة الأولى في فيينا سنة 1786 /</subfield>
		<subfield code="r">فولفغانغ موتزارت.</subfield>
	</datafield>
	<datafield ind1=" " ind2=" " tag="533">
		<subfield code="a">Electronic reproduction.</subfield>
		<subfield code="b">New York, N.Y. :</subfield>
		<subfield code="c">New York University,</subfield>
		<subfield code="d">2020.</subfield>
		<subfield code="5">NNU</subfield>
	</datafield>
	<datafield ind1=" " ind2="4" tag="655">
		<subfield code="a">المسرح الغنائي.</subfield>
	</datafield>
	<datafield ind1=" " ind2="0" tag="655">
		<subfield code="a">Musical theater.</subfield>
	</datafield>
	<datafield ind1="2" ind2=" " tag="710">
		<subfield code="a">Jafet Memorial Library.</subfield>
	</datafield>
	<datafield ind1="0" ind2=" " tag="730">
		<subfield code="a">Arabic Collections Online.</subfield>
	</datafield>
	<datafield ind1="0" ind2="8" tag="776">
		<subfield code="i">Print version:</subfield>
		<subfield code="a">Shīkhānī, Samīr compiler.</subfield>
		<subfield code="t">12 ūpirā ʻālamīyah</subfield>
		<subfield code="w">(LeBAU)b12507611</subfield>
	</datafield>
	<datafield ind1="4" ind2="0" tag="856">
		<subfield code="u">http://hdl.handle.net/2333.1/8cz8wm9d</subfield>
	</datafield>
	<datafield ind1="1" ind2=" " tag="880">
		<subfield code="6">100-01</subfield>
		<subfield code="a">شيخاني، سمير،</subfield>
		<subfield code="e">معد.</subfield>
		<subfield code="4">com.</subfield>
	</datafield>
	<datafield ind1="1" ind2="0" tag="880">
		<subfield code="6">245-02</subfield>
		<subfield code="a">12 أوپرا عالمية /</subfield>
		<subfield code="c">تعريب سمير شيخاني.</subfield>
	</datafield>
	<datafield ind1="3" ind2=" " tag="880">
		<subfield code="6">246-03</subfield>
		<subfield code="a">إثنا عشر أوپرا عالمية</subfield>
	</datafield>
	<datafield ind1=" " ind2="1" tag="880">
		<subfield code="6">264-04</subfield>
		<subfield code="a">بيروت :</subfield>
		<subfield code="b">دار الفكر،</subfield>
		<subfield code="c">1954.</subfield>
	</datafield>
	<datafield ind1=" " ind2=" " tag="880">
		<subfield code="6">300-05</subfield>
		<subfield code="a">142 صفحة :</subfield>
		<subfield code="b">مصورات ؛</subfield>
		<subfield code="c">17 سم</subfield>
	</datafield>
	<datafield ind1=" " ind2=" " tag="959">
		<subfield code="a">NNU</subfield>
		<subfield code="b">WEB</subfield>
		<subfield code="c">GENI</subfield>
		<subfield code="t">0</subfield>
		<subfield code="m">Electronic access</subfield>
		<subfield code="s">01</subfield>
	</datafield>
	<datafield ind1=" " ind2=" " tag="999">
		<subfield code="i">LeBAU_b12507611</subfield>
		<subfield code="s">aub_aco003251:</subfield>
		<subfield code="e">(ERROR-MISC)</subfield>
		<subfield code="s">aub_aco003251:</subfield>
	</datafield>
</record>
